<record xmlns="http://www.loc.gov/MARC21/slim">
   <leader>02365cas a2200445 a 4500</leader>
   <controlfield tag="001">1385748</controlfield>
   <controlfield tag="008">910627m19859999abcar    s   s      eng c</controlfield>
   <datafield ind1=" " ind2=" " tag="035">
      <subfield code="a">ocn750513764</subfield>
   </datafield>
   <datafield ind1=" " ind2=" " tag="040">
      <subfield code="b">eng</subfield>
   </datafield>
   <datafield ind1=" " ind2=" " tag="043">
      <subfield code="a">n-cn-ab</subfield>
   </datafield>
   <datafield ind1=" " ind2=" " tag="049">
      <subfield code="a">AEU</subfield>
      <subfield code="b">eng</subfield>
   </datafield>
   <datafield ind1="0" ind2=" " tag="090">
      <subfield code="a">GOV DOC CA2 AL M I51</subfield>
   </datafield>
   <datafield ind1="0" ind2="0" tag="245">
      <subfield code="a">Immigration to Alberta (overview from ... to ... ).</subfield>
   </datafield>
   <datafield ind1=" " ind2=" " tag="260">
      <subfield code="a">[Edmonton] :</subfield>
      <subfield code="b">Alberta Manpower, Settlement Services,</subfield>
      <subfield code="c">1986-</subfield>
   </datafield>
   <datafield ind1=" " ind2=" " tag="300">
      <subfield code="a">v. :</subfield>
      <subfield code="b">ill. ;</subfield>
      <subfield code="c">28 cm.</subfield>
   </datafield>
   <datafield ind1=" " ind2=" " tag="310">
      <subfield code="a">Annual.</subfield>
   </datafield>
   <datafield ind1=" " ind2=" " tag="336">
      <subfield code="a">text</subfield>
      <subfield code="b">txt</subfield>
      <subfield code="2">rdacontent</subfield>
   </datafield>
   <datafield ind1=" " ind2=" " tag="337">
      <subfield code="a">unmediated</subfield>
      <subfield code="b">n</subfield>
      <subfield code="2">rdamedia</subfield>
   </datafield>
   <datafield ind1=" " ind2=" " tag="338">
      <subfield code="a">volume</subfield>
      <subfield code="b">nc</subfield>
      <subfield code="2">rdacarrier</subfield>
   </datafield>
   <datafield ind1="0" ind2=" " tag="362">
      <subfield code="a">1981 ... 1985-</subfield>
   </datafield>
   <datafield ind1=" " ind2=" " tag="500">
      <subfield code="a">Title from cover.</subfield>
   </datafield>
   <datafield ind1=" " ind2=" " tag="550">
      <subfield code="a">Issued by: Alberta Career Development and Employment, Immigration and Settlement, 1982/86-</subfield>
   </datafield>
   <datafield ind1=" " ind2=" " tag="596">
      <subfield code="a">43 45</subfield>
   </datafield>
   <datafield ind1=" " ind2="0" tag="650">
      <subfield code="a">Immigrants</subfield>
      <subfield code="z">Alberta</subfield>
      <subfield code="v">Periodicals.</subfield>
   </datafield>
   <datafield ind1=" " ind2="0" tag="650">
      <subfield code="a">Immigrants</subfield>
      <subfield code="z">Alberta</subfield>
      <subfield code="v">Statistics</subfield>
      <subfield code="v">Periodicals.</subfield>
   </datafield>
   <datafield ind1=" " ind2="0" tag="651">
      <subfield code="a">Alberta</subfield>
      <subfield code="x">Population</subfield>
      <subfield code="v">Periodicals.</subfield>
   </datafield>
   <datafield ind1=" " ind2="0" tag="651">
      <subfield code="a">Alberta</subfield>
      <subfield code="x">Population</subfield>
      <subfield code="v">Statistics</subfield>
      <subfield code="v">Periodicals.</subfield>
   </datafield>
   <datafield ind1=" " ind2="0" tag="651">
      <subfield code="a">Alberta</subfield>
      <subfield code="x">Emigration and immigration</subfield>
      <subfield code="v">Periodicals.</subfield>
   </datafield>
   <datafield ind1=" " ind2="0" tag="651">
      <subfield code="a">Alberta</subfield>
      <subfield code="x">Emigration and immigration</subfield>
      <subfield code="v">Statistics</subfield>
      <subfield code="v">Periodicals.</subfield>
   </datafield>
   <datafield ind1="1" ind2=" " tag="710">
      <subfield code="a">Alberta.</subfield>
      <subfield code="b">Settlement Services.</subfield>
   </datafield>
   <datafield ind1="1" ind2=" " tag="710">
      <subfield code="a">Alberta.</subfield>
      <subfield code="b">Immigration and Settlement Branch.</subfield>
   </datafield>
   <datafield ind1=" " ind2=" " tag="940">
      <subfield code="a">NO EJOURNAL HOLDINGS</subfield>
   </datafield>
   <datafield ind1=" " ind2=" " tag="926">
      <subfield code="a">GOV DOC CA2 AL M I51 1981/1985</subfield>
      <subfield code="w">LCPER</subfield>
      <subfield code="c">1</subfield>
      <subfield code="i">000036945814</subfield>
      <subfield code="d">7/13/2016</subfield>
      <subfield code="e">7/7/2016</subfield>
      <subfield code="l">GOV_INFO</subfield>
      <subfield code="m">UAHSS</subfield>
      <subfield code="n">6</subfield>
      <subfield code="p">$150.00</subfield>
      <subfield code="r">Y</subfield>
      <subfield code="s">Y</subfield>
      <subfield code="t">BOOK</subfield>
      <subfield code="u">7/2/1991</subfield>
   </datafield>
   <datafield ind1=" " ind2=" " tag="926">
      <subfield code="a">GOV DOC CA2 AL M I51 1981/1985 c.2</subfield>
      <subfield code="w">LCPER</subfield>
      <subfield code="c">2</subfield>
      <subfield code="i">000036945822</subfield>
      <subfield code="d">7/13/2016</subfield>
      <subfield code="e">7/7/2016</subfield>
      <subfield code="l">GOV_INFO</subfield>
      <subfield code="m">UAHSS</subfield>
      <subfield code="n">2</subfield>
      <subfield code="p">$150.00</subfield>
      <subfield code="r">Y</subfield>
      <subfield code="s">Y</subfield>
      <subfield code="t">BOOK</subfield>
      <subfield code="u">7/2/1991</subfield>
   </datafield>
   <datafield ind1=" " ind2=" " tag="926">
      <subfield code="a">GOV DOC CA2 AL M I51 1982/1986</subfield>
      <subfield code="w">LCPER</subfield>
      <subfield code="c">1</subfield>
      <subfield code="i">000036945830</subfield>
      <subfield code="d">7/13/2016</subfield>
      <subfield code="e">6/23/2016</subfield>
      <subfield code="l">GOV_INFO</subfield>
      <subfield code="m">UAHSS</subfield>
      <subfield code="n">7</subfield>
      <subfield code="p">$150.00</subfield>
      <subfield code="r">Y</subfield>
      <subfield code="s">Y</subfield>
      <subfield code="t">BOOK</subfield>
      <subfield code="u">7/2/1991</subfield>
   </datafield>
   <datafield ind1=" " ind2=" " tag="926">
      <subfield code="a">GOV DOC CA2 AL M I51 1983/1987</subfield>
      <subfield code="w">LCPER</subfield>
      <subfield code="c">1</subfield>
      <subfield code="i">000036945848</subfield>
      <subfield code="d">7/13/2016</subfield>
      <subfield code="e">7/7/2016</subfield>
      <subfield code="l">GOV_INFO</subfield>
      <subfield code="m">UAHSS</subfield>
      <subfield code="n">7</subfield>
      <subfield code="p">$150.00</subfield>
      <subfield code="r">Y</subfield>
      <subfield code="s">Y</subfield>
      <subfield code="t">BOOK</subfield>
      <subfield code="u">7/2/1991</subfield>
   </datafield>
   <datafield ind1=" " ind2=" " tag="926">
      <subfield code="a">GOV DOC CA2 AL M I51 1984/1988</subfield>
      <subfield code="w">LCPER</subfield>
      <subfield code="c">1</subfield>
      <subfield code="i">000036945855</subfield>
      <subfield code="d">7/13/2016</subfield>
      <subfield code="e">7/7/2016</subfield>
      <subfield code="l">GOV_INFO</subfield>
      <subfield code="m">UAHSS</subfield>
      <subfield code="n">7</subfield>
      <subfield code="p">$150.00</subfield>
      <subfield code="r">Y</subfield>
      <subfield code="s">Y</subfield>
      <subfield code="t">BOOK</subfield>
      <subfield code="u">7/2/1991</subfield>
   </datafield>
   <datafield ind1=" " ind2=" " tag="926">
      <subfield code="a">GOV DOC CA2 AL M I51 1985/1989</subfield>
      <subfield code="w">LCPER</subfield>
      <subfield code="c">1</subfield>
      <subfield code="i">000037111457</subfield>
      <subfield code="d">7/13/2016</subfield>
      <subfield code="e">7/7/2016</subfield>
      <subfield code="l">GOV_INFO</subfield>
      <subfield code="m">UAHSS</subfield>
      <subfield code="n">9</subfield>
      <subfield code="p">$150.00</subfield>
      <subfield code="r">Y</subfield>
      <subfield code="s">Y</subfield>
      <subfield code="t">BOOK</subfield>
      <subfield code="u">7/17/1991</subfield>
   </datafield>
   <datafield ind1=" " ind2=" " tag="926">
      <subfield code="a">GOV DOC CA2 AL M I51 1982/1986</subfield>
      <subfield code="w">LCPER</subfield>
      <subfield code="c">1</subfield>
      <subfield code="i">000036945863</subfield>
      <subfield code="l">ON_SHELF</subfield>
      <subfield code="m">UALAW</subfield>
      <subfield code="p">$150.00</subfield>
      <subfield code="r">Y</subfield>
      <subfield code="s">Y</subfield>
      <subfield code="t">BOOK</subfield>
      <subfield code="u">7/2/1991</subfield>
   </datafield>
   <datafield ind1=" " ind2=" " tag="926">
      <subfield code="a">GOV DOC CA2 AL M I51 1985/1989</subfield>
      <subfield code="w">LCPER</subfield>
      <subfield code="c">1</subfield>
      <subfield code="i">000038679676</subfield>
      <subfield code="l">ON_SHELF</subfield>
      <subfield code="m">UALAW</subfield>
      <subfield code="p">$150.00</subfield>
      <subfield code="r">Y</subfield>
      <subfield code="s">Y</subfield>
      <subfield code="t">BOOK</subfield>
      <subfield code="u">2/5/1992</subfield>
   </datafield>
</record>
